2654 4876
198 336 262 408 132
481 279 962 397 'maesse-ursarum

199 500 252 585 οἶα
279 500 330 566 ἵνα
356 496 391 563 σὲ
405 497 450 578 ³⁹)
481 500 642 586 aucurplrp
655 495 806 577 τμᾶλλον,
834 487 912 580 ἦλθε
938 497 1148 580 θεραπεύσων,
1178 499 1249 570 ἀλλ’

199 606 248 673 ἵνα
268 593 426 681 ἀπαλλάξῃ
453 600 505 680 τῆς
526 591 612 664 νόσου
625 594 767 673 ,τέὶων·,,
782 592 821 664 σὺ
841 593 875 662 di
896 595 1008 664 audeo
1028 598 1105 666 ἑκὼν
1125 597 1254 665 dosora·
1291 677 1294 682 ¹

202 869 262 913 nam
278 867 331 901 uon
354 853 452 914 tuisse,
476 850 519 897 vel
538 849 625 897 locus.
638 860 675 896 cx
689 847 814 907 Adelphis
839 851 961 919 Terentii
985 864 1046 911 mox
1063 854 1254 912 producendus

202 921 305 982 surpuit:
328 935 412 980 neque
434 918 540 977 adjuvat
557 916 675 979 Plinius,
702 923 785 976 quemi
802 914 970 973 Scluutorsfua
996 920 1107 975 dixisse.
1123 927 1196 971 nutat
1213 922 1254 969 Oi.

202 987 369 1048 Berisamum
391 1001 455 1035 vera
474 986 544 1033 enim
566 985 646 1032 lectio
666 989 708 1032 ast
732 983 916 1037 salutatorius.
938 989 1140 1041 'Auctoritatem
1167 997 1253 1037 tamen

179 1072 184 1081 ‘
203 1058 267 1108 satis
284 1055 448 1114 antiquarum
465 1052 557 1113 primis
576 1051 733 1100 Christianis
750 1052 841 1104 habet:
862 1058 904 1118 et,
924 1046 946 1109 ai
964 1056 1062 1106 nullam
1080 1058 1196 1115 haberet,
1216 1056 1254 1103 di·

202 1139 269 1186 gnos
292 1130 349 1171 erat
363 1119 459 1174 salutm
478 1125 584 1169 nostrae
603 1118 676 1179 dur,
694 1119 767 1176 cujus
786 1121 881 1168 honori
901 1124 1009 1170 uerbum
1027 1124 1177 1184 signaretur
1195 1140 1255 1172 mo-

201 1198 279 1250 netae
294 1205 389 1242 norae.
407 1191 503 1236 liabent
521 1193 605 1234 autem
622 1184 750 1237 Salvator
763 1188 953 1249 inscriptiones
970 1197 997 1239 et
1012 1193 1120 1240 Glossae
1141 1199 1254 1250 veteres,

189 1267 231 1310 'ct
248 1259 443 1320 Tertullianus,
468 1254 618 1303 Lactantius
643 1255 757 1318 aliique,
780 1261 881 1304 utnon
903 1258 1039 1307 debeamus
1059 1261 1109 1307 hoc
1127 1260 1255 1309 uocabulo

202 1329 335 1384 abstinere
358 1326 451 1382 hodic,
479 1323 635 1383 praesertim
652 1337 709 1369 cum
724 1324 755 1373 in
775 1323 836 1370 aliis
861 1339 915 1372 non
937 1327 1045 1375 nimium
1068 1328 1135 1375 lauti
1162 1330 1253 1375 simus.

202 1399 322 1445 Nervose
348 1390 414 1442 leid.
441 1388 549 1456 Hispal.
567 1391 586 1438 L
602 1390 625 1440 7.
645 1391 717 1450 orig.
747 1385 860 1446 Verbum
885 1392 1006 1443 Salvator
1031 1392 1135 1444 Latina
1160 1393 1256 1457 lingua
1310 1446 1313 1451 ,

203 1472 285 1515 antec
302 1476 354 1511 uun
371 1457 498 1520 ludebat,
518 1457 566 1507 sed
579 1455 676 1509 dedere
687 1463 815 1523 poterut,⁴
835 1455 906 1508 sicut
913 1459 1019 1525 putuit,
1038 1463 1143 1526 quaudo
1161 1459 1254 1513 uolseit.

201 1533 287 1580 Venio
305 1529 337 1577 ad
355 1529 467 1576 altarum
488 1526 655 1591 vocabulum.¹
680 1526 808 1584 ‚Plerique
826 1527 864 1578 ita
884 1534 1019 1577 statuunt:
1044 1528 1213 1580 Suluulurem
1232 1532 1256 1578 is

200 1601 295 1663 habet,
319 1597 364 1656 qui
389 1609 423 1645 ex
447 1596 549 1654 perdito
575 1594 663 1641 saluus
689 1594 824 1643 redditur:
846 1603 1010 1647 seruatorem
1029 1596 1068 1659 is,
1095 1599 1139 1658 qui
1166 1600 1256 1649 salvus

201 1672 298 1717 manet.
333 1664 542 1724 Respondemus,
562 1666 587 1707 et
603 1664 729 1714 Graecum
746 1663 852 1710 verbum
870 1678 958 1724 ustura,
977 1671 1004 1712 et
1019 1665 1139 1715 Latinum
1156 1673 1257 1714 utrum·

202 1737 260 1793 vis,
281 1735 357 1785 modo
375 1732 423 1778 isac
443 1731 519 1776 modo
538 1730 586 1774 illo
603 1730 713 1777 notione
729 1730 826 1788 accipi:
851 1731 945 1790 quippe
963 1733 1063 1780 nullum
1082 1737 1193 1796 malum,
1214 1735 1256 1782 cui
1314 1736 1320 1743 '

204 1805 321 1855 datorem
348 1799 440 1849 salutis
468 1811 644 1855 quemcunque
668 1797 766 1845 mederi
794 1805 931 1860 oporteat,
958 1815 1016 1851 uon⁴
1039 1802 1116 1849 trahet
1137 1805 1199 1866 huc,
1228 1807 1256 1850 ut

204 1885 308 1931 quoquo
327 1869 404 1914 modo
424 1879 458 1912 ex
476 1879 527 1913 una
544 1869 617 1924 parte
634 1870 750 1927 premat,
768 1864 886 1924 idemque
907 1881 942 1915 ex
960 1868 1044 1917 altera
1061 1875 1134 1930 parte
1155 1870 1257 1934 impers-

204 1939 276 1990 tleut·
312 1934 425 1984 Suluure
443 1947 490 1992 pru
509 1947 556 1993 co,
580 1934 648 1990 quod
668 1932 709 1977 illi
732 1945 841 1983 serrare
866 1934 1087 1996 dieucum-exstat
1111 1939 1139 1985 iu
1157 1940 1255 1985 lnucri-

205 2006 313 2068 ptione,
338 2001 465 2051 Antonini
483 2001 632 2060 principatu
650 2013 789 2059 expressa:
818 2000 841 2047 O
862 2000 1135 2070 lantperte-insumis,
1164 2005 1257 2070 quidue

203 2073 276 2126 inter
299 2083 380 2121 sucro
401 2075 428 2119 el
442 2075 505 2117 cula
529 2083 561 2116 nc
578 2065 608 2116 in
627 2063 871 2136 cauernir'qut'dem
896 2071 993 2117 salvari
1016 2070 1158 2136 possimus.
1183 2079 1211 2121 et
1228 2074 1256 2121 in

203 2143 253 2191 ills
278 2139 388 2187 celebri:
412 2133 474 2185 Juus'
498 2132 617 2195 estsiuds',
640 2131 753 2194 Quirino
777 2136 934 2203 salvaturi,
948 2152 1001 2202 pro
1025 2141 1109 2188 salute
1131 2139 1257 2190 Caesaris

148 2254 151 2258 Α
205 2207 311 2259 Neruae
339 2201 455 2255 Traiani
474 2200 545 2267 Aug.
571 2199 627 2251 Col.
647 2199 762 2255 Sarmiz.
797 2205 965 2253 Lactantius:
989 2205 1049 2270 quis
1067 2207 1257 2271 adjustitiam

205 2272 348 2336 meruerit,
376 2285 476 2339 genere
500 2269 614 2324 latumano
639 2268 680 2335 (irs
705 2270 878 2337 cataclysmo)
901 2281 1045 2337 percaute,
1074 2277 1179 2328 salvari.
1213 2278 1257 2325 Sic

161 2370 165 2377 ·
205 2345 310 2407 sulcus,
329 2355 377 2402 pro
397 2337 499 2402 illaeso,
518 2339 624 2398 passim.
645 2338 697 2386 uid.
716 2338 769 2388 cic.
789 2354 829 2398 ep.
844 2341 904 2389 fam.
924 2343 964 2393 ed.
980 2348 1066 2393 nostr.
1084 2360 1108 2403 p.
1123 2345 1182 2397 946.
1208 2345 1256 2392 Vi-

206 2412 294 2461 cissim
310 2422 418 2463 seruare
437 2421 484 2468 pro
502 2421 551 2468 eo,
579 2408 647 2465 quud
664 2405 707 2464 illi
723 2406 827 2461 sulcare
851 2409 955 2469 dicunt,
981 2411 1049 2458 dixit
1070 2415 1210 2462 Terentius
1228 2413 1257 2460 in

205 2484 309 2540 Hecyra
325 2481 382 2527 Act.
397 2478 429 2522 V.
449 2489 518 2522 scen.
532 2473 557 2533 t,
584 2474 628 2522 ubi
647 2474 815 2538 adolescens,
843 2474 875 2525 ud
895 2492 957 2528 arcu
976 2485 1106 2528 mortuum
1132 2496 1159 2528 se
1178 2482 1258 2528 redu-

207 2564 260 2596 cem
280 2548 308 2593 in
328 2547 411 2593 lucem
428 2544 539 2600 iactum,
564 2547 590 2591 et
608 2556 642 2589 cx
660 2543 772 2593 maxima
790 2539 901 2592 miseric
917 2551 1063 2595 extractum
1085 2548 1258 2613 triumphans,

87 2668 90 2683 ¹
205 2609 378 2671 servatricem
395 2626 466 2659 suam
485 2611 581 2657 salutat
593 2610 752 2659 Bacchidem.
778 2611 859 2659 Plane
879 2614 948 2671 quud
965 2616 1087 2662 Romanis
1105 2617 1133 2662 in
1150 2618 1259 2665 nomine

51 2682 54 2687 ’
120 2718 127 2724 .
207 2684 290 2732 valuit
309 2681 381 2731 culus
408 2675 564 2737 eldaldus,
589 2677 616 2724 id
640 2679 666 2724 io
692 2680 771 2725 verbo
800 2679 884 2733 valuit
909 2695 1000 2745 cerco,
1025 2685 1092 2730 unde
1117 2692 1258 2733 seruatur:

17 2750 22 2761 '
161 2786 167 2795 -
207 2756 319 2809 suntque
337 2751 399 2797 haec
417 2748 530 2796 themata
546 2746 630 2794 instar
650 2745 746 2810 utrius,
764 2745 803 2794 its
822 2751 850 2794 ut
868 2749 952 2796 altero
970 2752 1123 2810 suppleatur
1141 2753 1288 2825 delectus*

206 2820 325 2874 alterius.
362 2816 431 2862 ldem
450 2815 569 2863 Comicus
588 2814 616 2860 in
632 2814 771 2873 Adelphis:
799 2810 867 2879 Ipsa
885 2813 909 2864 si
927 2815 1020 2883 cupiat
1037 2820 1126 2880 Salus,
1150 2826 1289 2868 ser·vare''

204 2899 317 2955 prorsus
335 2881 404 2932 laune
415 2878 553 2950 furentium
572 2889 734 2946 conpareat.
758 2883 826 2929 idem
844 2884 949 2932 volebat
971 2886 1071 2949 dicare,
1090 2889 1158 2946 quod
1179 2889 1259 2936 Plau-

208 2963 266 3010 tus:
286 2948 343 3014 Nec
361 2951 432 2999 solua
453 2950 532 2996 saluti
544 2945 607 3012 jam
624 2948 696 3010 asse',
714 2946 738 2998 εἰ
757 2948 865 3015 cupiat,
879 2959 979 3016 potest.
1005 2958 1182 3013 congruitque
1197 2963 1259 3015 ety-

124 3072 126 3076 ⁴
207 3039 269 3081 mon
287 3022 381 3080 ipsum
400 3034 459 3073 narn
478 3031 512 3065 ex
529 3010 599 3083 ῥὺω,
620 3014 713 3078 libero,
730 3032 802 3080 eruo,
819 3023 859 3065 est
875 3012 960 3086 ἐρὺω,
981 3025 1009 3067 ut
1023 3023 1178 3070 Enstathius
1200 3030 1259 3071 tra-

209 3092 263 3151 dit3
282 3104 316 3142 ex
333 3081 402 3155 ἰρὺω
421 3091 567 3144 estserae,
590 3088 619 3131 ut
638 3085 779 3133 lilartinius
797 3086 886 3135 ducet:
912 3103 1062 3147 quamquam
1078 3106 1112 3138 ne
1131 3093 1258 3140 Perottus
1285 3100 1288 3105 '

188 3160 312 3220 ‚quidem
330 3158 418 3214 obest,
437 3153 481 3213 qui
498 3167 573 3203 seruo
594 3153 695 3203 derivat
711 3167 727 3201 a
744 3167 818 3214 cero,
846 3155 872 3201 id
893 3161 933 3203 est
951 3170 1055 3217 assero,
1074 3155 1166 3208 libero.
1202 3164 1258 3208 lta-

209 3242 259 3288 que
276 3239 349 3287 quem
368 3222 460 3272 Graeci
487 3220 606 3286 σωτῆρα,
637 3235 694 3267 eum
712 3222 822 3268 Romani
846 3230 998 3275 constanter
1020 3226 1111 3274 dixere
1130 3225 1259 3278 Seruatu-

142 3335 148 3352 Χ
209 3309 274 3349 rem.
309 3287 365 3352 ζεὺς
384 3284 472 3354 σωτὴρ
494 3285 602 3353 Jupiter
621 3285 749 3338 Servatur
769 3290 868 3354 dictus,
893 3297 919 3339 et
940 3289 1050 3357 Jupiter
1068 3292 1258 3359 Conseruntur,

210 3369 240 3412 ut
256 3360 376 3421 inprimis
397 3357 525 3420 Gyraidus
543 3358 709 3416 Syotagmatc
726 3360 760 3412 ll.
785 3360 931 3407 confirmat:
956 3374 1031 3418 quem
1053 3359 1144 3412 Jouem
1167 3360 1261 3413 Curta·
1299 3397 1300 3400 =

210 3430 268 3483 dem
286 3434 312 3476 et
334 3424 426 3481 Jouem
442 3422 628 3474 Liberutorem
655 3427 794 3478 diruerant.
829 3427 932 3474 Tacitus
950 3429 1044 3476 annal.
1063 3430 1108 3480 lib.
1125 3433 1182 3479 xv.
1202 3446 1259 3492 cap.

210 3499 254 3550 71.
272 3497 302 3543 de
320 3496 416 3542 liberto
435 3496 560 3554 quodam,
584 3492 774 3550 conjurationis
791 3492 876 3540 indice
894 3495 922 3542 in
940 3497 1085 3545 Neronem:
1113 3497 1259 3549 Conuersu-

211 3560 278 3619 turs's
295 3559 346 3613 sici
362 3576 455 3623 nornen
471 3558 575 3610 Graeco
591 3558 648 3625 ejus
665 3557 706 3609 rei
723 3559 847 3611 uocabulo
866 3562 1015 3627 ussusrspss't.
1032 3566 1133 3614 scilicet
1151 3570 1260 3632 σωτῆρα

211 3649 240 3683 ae
257 3632 401 3693 appellarat
418 3630 514 3676 index:
532 3629 599 3687 quud
619 3627 691 3684 cujus
709 3629 749 3676 rei
763 3630 913 3695 vocabulum
931 3637 971 3679 est
985 3634 1160 3682 lucrifaciendi
1177 3639 1260 3683 Grae-

212 3699 436 3759 commutatico,
462 3696 515 3744 nisi
540 3696 731 3746 conseruatori
754 3697 814 3756 quid
834 3706 1019 3760 conservatur,
1048 3703 1100 3749 nisi
1118 3704 1281 3752 seruaturi>

211 3766 475 3832 praeterquamquod
494 3765 605 3824 simplex
624 3766 728 3812 verbum
747 3765 792 3833 uui
811 3767 936 3814 adscribit
953 3770 1118 3830 iseneiicium3
1145 3786 1261 3830 praepo-

213 3839 277 3887 aitio
301 3837 403 3896 addita,
427 3833 554 3894 pluribus.
589 3831 624 3882 Et
648 3848 725 3892 quum
743 3847 771 3880 sc
791 3833 847 3892 ipse
867 3835 970 3882 Tullius
995 3833 1062 3903 reip.
1085 3844 1260 3897 seruatorem,

214 3920 292 3964 quum
311 3918 338 3951 se
357 3901 425 3967 reip.
443 3907 656 3961 conservatorem
672 3901 755 3958 dixit,
779 3917 867 3950 nonne
885 3903 991 3971 σωτῆρα
1009 3920 1036 3951 se
1053 3905 1139 3952 diuiti
1156 3906 1261 3963 alioqui

213 3971 323 4021 honoris
340 3971 381 4018 sui
399 3983 489 4031 causa,
507 3968 615 4029 perinde
633 3973 662 4016 ut
681 3969 801 4019 laedendi
821 3971 925 4035 Verris,
950 3973 1050 4035 potuit,
1074 3987 1123 4031 qua
1139 3978 1196 4019 erat
1215 3989 1262 4023 au·

214 4039 354 4102 ctoritate,
378 4037 470 4084 saltem
487 4038 519 4084 ad
537 4037 663 4090 Quintum
680 4038 787 4083 fratrem
806 4044 852 4094 aut
869 4040 899 4089 ud
917 4041 1033 4087 Atticum
1053 4042 1185 4100 scribens3
1212 4057 1260 4100 pu-

214 4114 289 4158 tuerc
312 4104 408 4161 indiis
428 4104 482 4163 suis
507 4105 720 4164 cognominandis
737 4105 860 4166 Rotnani,
884 4113 929 4154 aut
948 4111 1085 4168 Graecum,
1110 4109 1134 4155 si
1159 4111 1260 4169 signiti-

215 4174 317 4224 cantius
336 4187 393 4219 esse
413 4178 565 4231 putassent,
584 4173 721 4235 adoptare,
740 4178 786 4219 aut
804 4188 897 4221 novum
914 4177 1044 4235 liatinum,
1062 4191 1114 4235 quo
1134 4180 1262 4224 Graecum

211 4241 421 4303 exprimeretur,
447 4240 553 4298 tingere.
578 4241 657 4298 quidl
681 4254 714 4286 ne
736 4235 784 4298 pio
809 4243 888 4289 verbo
913 4245 1013 4300 quidem
1035 4258 1147 4296 aeruure
1163 4251 1188 4291 et
1211 4259 1260 4304 pro

214 4307 352 4379 participio
371 4312 492 4363 seruatur
499 4306 556 4370 „de
574 4307 630 4363 ulto
647 4307 716 4371 ulie,
745 4308 813 4371 quod
831 4308 881 4367 vim
899 4311 1005 4368 uouere
1020 4312 1161 4376 rumorem,
1184 4312 1261 4360 lusu·
