2654 4876
11 332 14 339 '
99 354 102 363 ·
163 322 252 426 ’,λιιι
326 343 331 354 ’
440 324 977 434 ΜΑΕΕΑΉΟΒΕΝΕΕΗΕ

176 502 249 562 sits.
285 460 326 560 dc
343 495 488 579 praeclare
507 494 545 556 de
559 493 674 572 Bririo,
691 494 777 556 Vires
789 494 837 556 lib.
849 498 876 557 2.
894 494 932 555 de
949 494 1087 575 corruptis
1108 493 1232 573 artibus3

42 682 47 691 Ι
117 638 119 643 -
176 601 215 659 de
235 599 297 678 ejus
316 596 608 677 interpretationibus,
627 595 778 654 Sadoletus
799 596 828 652 in
843 595 975 672 Epistolis
995 603 1024 652 et
1044 594 1234 667 fastidiosissi-

175 716 240 756 mus
258 696 369 756 Erasmi
387 695 605 771 Ciceronianus3
632 694 669 754 de
690 693 921 773 interpretatione
942 692 1063 769 dialogi,
1088 694 1184 753 Jorius
1202 696 1235 754 in

175 794 283 872 illogiis
304 794 480 855 existimant:
504 791 555 852 scd
576 807 642 851 rere
662 791 700 852 de
718 792 772 851 lrac
791 794 853 873 ipsa
870 791 978 869 judicat
996 792 1235 866 Montcfoloonirss,

176 894 299 972 aliquam
312 892 469 970 elegantiae
489 891 611 968 maciem
633 891 853 968 praeseferre,
870 890 1057 968 paraphrasin
1077 901 1172 950 autem
1186 911 1236 952 ra-

175 1009 263 1070 pere,
281 1008 375 1068 neque
390 992 431 1073 ita
448 999 578 1049 accurate
599 990 793 1049 concinnatam
813 1006 884 1048 esse.
921 988 1000 1047 ldem
1023 1008 1124 1048 novam
1147 1010 1235 1068 para-
1319 1052 1326 1063 ,

175 1091 234 1149 rit:
262 1107 380 1164 noram,
407 1088 479 1146 illius
497 1088 627 1165 ignarus,
650 1105 705 1164 ego
717 1105 850 1166 quoque3
876 1096 1028 1164 partesque
1040 1097 1182 1148 extremas
1196 1110 1233 1149 er

175 1186 411 1262 Montefdconio,
430 1194 461 1245 ut
476 1185 575 1245 allatus
588 1195 649 1264 est3
667 1180 775 1264 prio'res
794 1187 896 1260 libros,
914 1204 952 1244 ex
966 1186 1118 1265 Cerauno,
1135 1207 1236 1249 omnes

176 1305 213 1343 ex
231 1288 318 1344 reteri
341 1287 511 1363 interprete,
529 1284 578 1363 qui
597 1302 666 1344 sane
688 1285 716 1342 in
737 1285 867 1343 sordibus
886 1301 984 1342 numm
1006 1283 1145 1364 habebat,
1164 1297 1195 1346 et
1215 1307 1235 1348 e

176 1383 275 1442 Brixio
296 1386 359 1462 ipso
381 1384 497 1462 ejusque
512 1382 757 1460 interpolatoribus
777 1384 850 1441 bene
871 1382 964 1439 multis
986 1381 1065 1462 (nam
1082 1386 1235 1445 Comarius
1273 1427 1275 1432 -

176 1479 289 1560 aberat)
307 1483 411 1542 limati.
446 1485 595 1540 Auctorem
615 1498 669 1538 nec
685 1481 767 1538 nimis
785 1497 881 1559 presse
900 1498 954 1538 nec
972 1482 1054 1540 nimie
1070 1483 1137 1542 laxe
1154 1488 1235 1564 sequi

176 1581 262 1641 debet
275 1582 430 1660 interpres,
449 1596 484 1638 ac
496 1580 580 1658 planu
595 1579 680 1636 talem
700 1589 846 1655 praestare
858 1596 1031 1654 sermonem,
1049 1583 1161 1658 qualem
1174 1584 1235 1644 vel-

176 1682 216 1738 let
233 1697 296 1738 esee
311 1679 354 1738 vel
372 1688 485 1747 nudor,
503 1678 527 1735 η’
545 1675 704 1754 interpretis
721 1676 818 1752 lingua
837 1676 899 1753 ipse
912 1679 1063 1755 scriberet3
1082 1680 1126 1739 vel
1146 1683 1235 1742 inter-

174 1796 258 1855 pres,
276 1776 370 1835 sinon
384 1777 522 1854 interpres
539 1775 590 1835 sed
605 1783 704 1832 auctor
722 1783 796 1833 esset
808 1773 886 1852 ipse,
903 1775 1056 1852 interprete
1069 1786 1168 1857 utens,
1193 1782 1237 1841 vel
1252 1782 1255 1789 '

81 1930 83 1935 .
175 1877 280 1946 lector,
299 1872 421 1934 auuoris
439 1875 563 1951 linguam
578 1873 728 1949 ignorans,
747 1872 907 1951 interpretis
926 1874 1038 1948 callens.
1061 1877 1161 1936 talisne
1180 1897 1236 1940 no-

93 1992 96 1997 ·
176 1973 282 2033 merit
296 1972 509 2051 interpretatio,
529 1979 671 2047 statuant,
690 1972 739 2049 qui
753 1972 863 2033 valent:
886 1968 924 2030 ad
937 1973 1140 2054 proprietatem
1159 1986 1237 2037 certe

177 2073 325 2130 verborum
334 2070 439 2148 ,cujus
454 2070 575 2128 studium
593 2070 732 2148 juventuti
750 2087 836 2149 quam
854 2071 1157 2135 commendatissimum
1173 2076 1244 2135 esse

177 2170 280 2261 debet,
297 2169 436 2229 nonnihil
451 2185 517 2228 eam
531 2169 693 2227 collaturam
707 2185 770 2226 esse
780 2187 875 2248 spero.

250 2268 466 2346 subsequuntur
481 2269 574 2327 Notus
590 2274 675 2343 atque
683 2265 813 2326 dadum
830 2267 869 2326 de
888 2267 989 2346 qulbus
1003 2251 1078 2346 quae
1095 2272 1248 2332 mouenda¹

93 2379 99 2391 “
153 2366 426 2443 circonscripsit
442 2383 541 2424 eorum
558 2364 637 2422 initia
655 2363 771 2424 ridebis.
806 2367 970 2425 Moron
990 2367 1146 2427 librorum
1137 2390 1165 2428 rn
1187 2390 1237 2431 ca-

19 2466 46 2511 ’.
176 2466 238 2543 pita
257 2463 403 2542 pristinam
420 2449 545 2525 maris
565 2462 617 2521 sed
639 2462 782 2540 dialogum
802 2464 979 2543 praeterea‘’
970 2485 1000 2524 m
1017 2442 1141 2528 minores
1156 2469 1236 2529 dirisi

176 2563 329 2639 secdones,
347 2578 467 2639 quarum
486 2561 596 2619 numeri
609 2576 666 2618 non
682 2561 712 2617 in
732 2578 875 2641 quemque
886 2564 986 2623 librum
1001 2562 1038 2624 ad
1052 2567 1175 2626 monada
1187 2584 1238 2628 re-

97 2670 101 2684 ¹
176 2661 286 2732 disent,
303 2659 355 2719 sod
376 2666 517 2738 perpetue
536 2658 611 2717 seris
630 2675 684 2736 per
704 2666 794 2718 totum
815 2678 992 2735 sermonem,
1013 2683 1071 2743 qun
1084 2665 1265 2745 simplicior·¹
1306 2708 1309 2713 -

175 2758 252 2818 foret
263 2756 381 2817 notandi
395 2765 425 2816 et
438 2755 585 2816 evolvendi
597 2756 686 2833 ratio,
703 2756 894 2845 monument.
1291 2804 1294 2809 ‹

246 2853 402 2931 Omnibus,
428 2854 478 2932 qui
499 2863 550 2919 aut
571 2871 639 2914 suos
662 2848 788 2933 produnt
811 2856 915 2930 fibros,
937 2867 988 2918 sut
1007 2859 1115 2920 alimus
1138 2861 1237 2921 lectori

123 2964 128 2980 ⁸
175 2953 404 3030 accommodant,
423 2950 577 3012 nuendum
592 2961 650 3031 est,
676 2963 766 3014 utne
786 2963 887 3017 auctor
905 2957 1004 3036 aliquis
1023 2959 1053 3018 in
1072 2950 1109 3020 eo
1130 2976 1238 3038 genere

120 3036 123 3041 ¹
175 3054 292 3126 melior,
323 3063 457 3131 atquem
478 3051 573 3110 «liuns
593 3051 704 3113 bonitas
727 3053 788 3132 jam
813 3056 886 3115 reris
911 3056 1068 3134 insignierit
1089 3058 1236 3136 fructibus,

175 3153 312 3211 obruatur
324 3159 355 3212 et
366 3151 544 3230 antiquorum
553 3146 768 3230 'providendum
781 3162 947 3233 antem,·nt
965 3157 1060 3224 omnia
1073 3176 1236 3236 qnam-mn-

140 3243 144 3249 ’
174 3250 253 3310 xime
270 3249 309 3310 ad
327 3247 551 3311 aedificationem
566 3249 683 3311 faciant.
718 3249 752 3309 ld
765 3251 789 3311 si
802 3254 884 3311 nobis
898 3246 1159 3334 propositum'esse,
1176 3256 1248 3318 Le:
1315 3286 1318 3291 >

174 3355 252 3424 mor,
282 3360 336 3427 pro
354 3355 404 3407 tua
420 3348 572 3427 prudentia
595 3356 625 3408 et
643 3350 785 3428 nequitate
810 3352 955 3430 agnoscis,
980 3353 1073 3432 ipsum
1091 3354 1236 3434 dialogum

174 3440 465 3525 piabatisdmum,·st
477 3463 514 3506 sa
526 3463 601 3526 quse
613 3446 722 3526 damus,
740 3467 872 3528 quaeque
884 3468 1026 3530 paramus,
1047 3454 1236 3532 amplemroe

173 3542 269 3604 Deum
295 3561 363 3604 sero
380 3562 491 3604 mecum
509 3563 578 3617 ora,
602 3554 635 3604 ut
651 3546 713 3624 ipse
734 3547 851 3625 jurense
873 3550 928 3609 sibi
945 3551 1053 3610 dicatos
1071 3552 1175 3612 doceat
1197 3550 1236 3611 ad

173 3641 390 3720 pulcherrimam
407 3643 519 3716 ideam,
536 3659 622 3722 quam
639 3644 855 3722 Chrysostomus?
867 3647 972 3710 Basilio
980 3666 1093 3729 ‚quam
1107 3650 1244 3731 Apostoli·

98 3816 101 3828 Ι
173 3736 305 3800 nmmlsus
329 3759 520 3822 proposuere,
547 3760 613 3802 suos
630 3743 747 3820 exigere
769 3746 891 3825 numos,
917 3747 1122 3830 eoelesiamqnc
1146 3766 1260 3830 operu-

173 3843 274 3896 eorum
292 3840 397 3922 ubique
412 3842 466 3903 sibi
483 3839 613 3920 diguam,
630 3859 705 3920 quae
724 3842 830 3905 Cluistl
845 3862 952 3979 corpus
969 3849 1145 3928 appelletur,
1164 3866 1236 3911 con·

174 3935 283 4060 alitum
