2654 4876
520 307 796 383 PRAEFATIO.
1009 308 1046 413 ’ζ
1098 252 1112 370 ’τ
1153 329 1194 399 ,ιι

125 476 250 543 difficilis
268 487 334 556 est,
364 487 398 542 nt
419 499 480 543 uon
501 461 653 545 commode
673 501 692 546 a
709 477 785 546 viris
806 499 931 565 graecm
949 466 1068 568 linguae
1086 484 1189 571 goeris
1253 510 1255 518 ·

123 595 217 681 possit
237 594 371 684 intelligi.
401 594 503 659 ,Locis
523 605 641 684 tamen,
668 596 718 681 qni
739 596 915 663 difficiliores
934 599 1129 680 videbantur,
1153 602 1188 671 in

122 710 202 775 uotis
221 712 271 776 vel
290 710 352 796 ipse
372 711 540 777 versionem
563 713 719 797 supposui,
743 713 792 780 vel
813 712 958 779 Gramers‘
973 715 1024 799 *),
1047 735 1101 782 seu
1114 717 1187 787 liit-¹

119 832 182 892 tesi
193 829 238 907 **)
265 848 319 891 seu
346 827 433 892 ctiam
461 831 686 917 Hascetbocbii
694 833 754 914 ***)
780 830 1051 917 interpretationem
1078 844 1185 902 vemt·
1283 868 1295 890 ·

119 945 215 1010 culam
235 944 340 1009 addidi.
414 987 416 990 v

198 1061 275 1127 Tres
304 1061 451 1149 addiderat
477 1062 640 1149 Bengelius
655 1084 727 1128 suae
747 1064 868 1130 editioni
893 1065 1025 1145 indices,
1056 1086 1183 1152 quorum
1286 1108 1290 1124 ι

118 1178 231 1265 priores
252 1179 327 1245 duos
348 1179 438 1258 auxi,
464 1164 585 1245 tertium
605 1202 700 1258 vero,
728 1181 797 1266 quia
817 1156 986 1249 continebat
1007 1195 1121 1250 tautum
1142 1207 1179 1253 ee
1232 1182 1235 1191 ’

115 1298 208 1362 verba
226 1295 259 1360 in
273 1296 333 1376 ,hoc
355 1297 560 1383 Chrysostomi
579 1297 654 1363 libro
674 1298 781 1376 obvia,
803 1321 878 1386 qnae
898 1300 931 1366 in
949 1299 1062 1369 Laxior
1082 1299 1124 1367 Νι
1138 1301 1175 1368 Τ.

115 1414 287 1480 obedituro
306 1424 407 1480 curato
429 1435 490 1479 uon
507 1415 747 1500 reperiebantur,
768 1416 866 1484 omisi.

196 1532 354 1597 Gaetemm
375 1552 437 1594 non
459 1531 552 1595 solum
574 1553 739 1617 speramus,
761 1555 866 1598 verum
887 1533 975 1600 etiam
988 1533 1174 1614 confidimns,
1225 1521 1233 1532 ⁶

114 1649 204 1714 Viros
235 1649 366 1723 Doctos,
401 1645 427 1710 si
451 1648 499 1712 vel
525 1648 715 1734 improbaturi
746 1649 807 1714 siut
834 1634 954 1717 uostr'as
990 1651 1175 1717 animadver-

117 1764 232 1840 siones,
255 1784 315 1827 uou
335 1774 432 1828 tamen
452 1764 666 1849 improbaturos
688 1787 756 1837 esse
778 1766 853 1844 boc,
885 1769 962 1852 quod
982 1767 1094 1834 edendo
1115 1765 1172 1832 boc

113 1879 255 1944 lobannis
282 1881 377 1947 uostn'
406 1881 519 1967 dialogo
541 1883 578 1948 ad
600 1903 666 1949 eum
686 1883 841 1967 legendum
866 1883 932 1949 aliis
961 1883 1039 1950 viam
1064 1884 1174 1948 iterum

112 1997 290 2082 paravimus.
324 1998 389 2064 Nos
409 2011 489 2064 certe
511 2021 572 2063 non
594 2000 777 2077 dubitamus,
800 1990 886 2078 iore,
906 2011 941 2065 ut
961 2020 1064 2066 omncs
1085 2019 1173 2066 acen·

109 2114 212 2181 ratiou‘
233 2116 330 2180 studio
349 2116 428 2180 bunc
447 2117 555 2180 bbrum
573 2116 757 2201 perlegentes
772 2117 873 2182 eodem
894 2117 999 2203 gaudio
1021 2119 1171 2195 ficantur,

109 2253 167 2315 quo
189 2254 226 2297 eo
245 2232 369 2317 legendo
395 2231 513 2316 s'aepius
531 2254 587 2297 uos
616 2234 723 2311 inuitos
750 2255 818 2298 esse
838 2234 963 2298 libenter
987 2234 1188 2318 profitemur

112 2341 164 2413 Oi
182 2340 245 2434 γάρ
261 2344 361 2424 ἔστιν,
381 2341 442 2413 οὐκ
464 2344 538 2414 ἔστι
557 2345 690 2437 καρδία,
710 2349 805 2434 iuquit
819 2349 948 2412 lsidorus
963 2348 1170 2431 Pelusiotai),
1239 2349 1240 2356 '

108 2452 152 2549 ἣν
177 2461 327 2549 ἐπῆλθεν
352 2455 373 2547 ἡ
401 2456 524 2549 ταύτης
559 2456 758 2549 ἀνάγνωσις,
790 2461 850 2531 καὶ
876 2463 963 2553 πρὸς
989 2462 1173 2552 τὸτθεῖον
1257 2498 1259 2502 ·

107 2607 430 2626 Μ

174 2685 200 2752 “)
218 2684 293 2741 sot.
310 2684 470 2740 Andreas
487 2685 676 2741 Cremerae
691 2705 745 2739 uns
758 2706 815 2741 cunr
829 2689 891 2740 otiis
904 2687 971 2739 viris
984 2688 1069 2740 doctis
1083 2693 1169 2738 trans·

106 2775 212 2825 terebat
229 2772 258 2819 iu
277 2772 393 2832 linguam
413 2774 573 2822 theodiscam
592 2789 672 2834 opere
690 2774 872 2835 cbrysostomi
890 2777 918 2822 et
936 2774 1002 2824 bano
1018 2772 1170 2822 versionem

107 2862 203 2910 edebat
220 2857 327 2916 Lipsiae
344 2854 419 2910 1748.
447 2859 542 2906 Verrio
561 2858 639 2916 bujus
656 2859 688 2906 'de
702 2858 851 2908 sacerdotio
870 2857 968 2919 dialogi
986 2857 1086 2918 legitur
1103 2857 1166 2920 nst,

32 2954 34 2961 ’
105 2960 132 3010 p.
150 2940 282 2996 17-216
305 2944 367 2990 ete
387 2946 509 2994 cramero
531 2942 589 3002 ipso
616 2945 750 2994 elaborata
768 2948 818 2993 est.
853 2945 914 2992 Non
932 2947 1019 2990 tamen
1038 2939 1109 2989 omni
1129 2951 1167 2988 ex

101 3032 184 3100 'parte
201 3029 310 3088 probata
328 3030 370 3075 est
390 3028 453 3073 baec
470 3025 609 3074 translatio
633 3027 715 3085 justis
736 3031 828 3077 barum
847 3027 1077 3090 rerumrerum,
1105 3023 1168 3084 quis

108 3112 213 3172 saepius
239 3111 317 3171 paulo
343 3114 384 3157 cst
407 3110 534 3173 liberior,
566 3117 592 3159 et
612 3113 694 3171 magis
718 3128 823 3162 sonsum
849 3117 939 3161 textus
959 3111 1067 3174 Graeci,
1090 3122 1168 3169 quam

61 3181 62 3185 Ἰ
106 3200 187 3248 rerba
204 3199 303 3244 Gracco
322 3194 379 3253 ipsa
394 3194 491 3247 reddit,
525 3195 662 3255 Exemplis
683 3212 736 3244 nou
756 3213 821 3259 opus
842 3201 892 3245 est.
1163 3216 1166 3255 p

171 3287 209 3353 ⁸⁸)
234 3278 338 3350 Optime
356 3286 414 3335 siue
434 3286 512 3336 dubio
534 3288 561 3339 in
577 3288 692 3349 linguam
711 3289 876 3338 vernaculam
899 3288 947 3334 bos
967 3286 998 3333 de
1016 3281 1166 3332 sacerdotio

105 3377 191 3424 libros
214 3373 353 3424 transtulit
374 3369 401 3423 J.
419 3368 599 3433 Bineses,
623 3374 750 3422 ecclesiae
774 3370 923 3434 pontificiae
952 3369 1112 3429 theologus,
1136 3371 1166 3416 et
1193 3433 1196 3436 .

105 3459 206 3522 prodiit
228 3459 255 3505 iu
281 3458 364 3505 lucem
389 3458 452 3503 baec
479 3457 567 3505 versio
584 3459 704 3506 Berolini
731 3473 800 3506 anuo
824 3456 902 3514 bujus
929 3453 1013 3502 seculi
1038 3451 1163 3499 vicesimo

104 3544 201 3606 primo.
242 3543 281 3590 Ad
301 3543 397 3589 calcem
420 3539 523 3589 additae
548 3547 611 3590 sunt
634 3542 876 3592 animadversiones
900 3538 1040 3587 maximam
1063 3542 1166 3597 partem

125 3626 261 3677 istoricae.

68 3713 77 3721 '
104 3631 123 3678 h
171 3709 222 3777 ese)
248 3713 308 3757 Non
326 3709 383 3757 siue
401 3723 500 3757 summa
517 3709 656 3770 diligentia
673 3706 777 3756 curarit
799 3701 837 3757 K.
855 3701 890 3756 F.
913 3700 958 3753 W·
976 3687 1185 3779 Halunti·-

105 3793 207 3848 obius
225 3795 376 3842 versionem
393 3794 552 3842 theodiscam
572 3794 649 3852 hujus
666 3792 745 3856 libri,
766 3805 841 3850 quom
859 3794 962 3851 tamen,
980 3787 1041 3847 quis
1057 3788 1165 3835 uerbum

49 3876 55 3887 ’
105 3881 187 3930 verbo
204 3869 315 3927 'reddere
336 3878 436 3926 studuit
456 3880 501 3925 Vir
520 3878 705 3938 Doctissimus,
728 3874 819 3936 paucis
844 3876 946 3921 tontum
965 3871 1096 3934 placuisse
1115 3862 1164 3920 au·
1243 3936 1246 3941 ⁸

106 3966 171 4014 divi.
204 3965 270 4013 Mihi
288 3969 373 4012 temen
392 3961 435 4008 bie
453 3962 635 4010 Hnssclbecbii
653 3962 723 4009 liber
738 3957 898 4010 Stralsundii
915 3971 984 4006 auno
1005 3947 1165 4006 c'o'ncccxx

107 4050 194 4098 editus
212 4054 239 4097 ct
257 4050 289 4096 ob
305 4047 492 4107 prolegomena
509 4047 580 4094 lectu
598 4045 752 4106 dignissime
769 4047 795 4092 et
811 4042 945 4091 obvarias
960 4041 1089 4090 lectiones
1105 4028 1166 4114 ψ
1178 4025 1185 4081 .’

106 4132 178 4184 sioni
195 4133 346 4194 suppositas
363 4132 472 4179 muitum
492 4145 555 4179 anuo
574 4131 692 4195 proluit,
709 4130 778 4191 qnod
796 4131 872 4204 grato
890 4126 978 4175 enimn
997 4115 1156 4186 profitentis*-

174 4224 205 4285 †)
231 4224 302 4272 tior.
318 4227 339 4275 1.
362 4224 450 4287 Epist.
470 4221 528 4278 too.
566 4224 606 4275 ct.
629 4217 684 4275 Dss
705 4219 782 4275 Pin.
805 4216 939 4273 Bibliotb·
960 4214 1042 4271 Anat.
1058 4205 1166 4271 uectat

107 4312 139 4361 T.
155 4312 211 4377 iii,
228 4324 254 4373 p.
267 4308 312 4364 52.
1146 4321 1150 4327 ·
