2654 4876
325 416 328 421 ,
409 308 667 413 Aaronom
696 343 909 446 Μαι,
1087 327 1221 447 '1an

105 534 196 595 ρησας
215 510 538 596 antiniana-popei».
574 507 659 593 δέχου
679 511 779 573 τοίνυν
798 505 1012 593 χαλεπωτέραν
1033 507 1092 593 τῆν
1113 534 1158 577 τι-

104 614 228 695 μωρίαν.
263 606 383 695 Ὥσπερ
403 608 462 695 γὰρ
486 602 516 677 ἐἰ
535 606 612 686 εἴξας
632 609 862 702 apamenam,
888 609 1022 677 καὶτῶν
1049 615 1159 697 προιέ-

106 841 214 877 rarers..
242 806 381 890 At'negat
406 830 478 895 ipse,
503 829 643 895 inquiant,
668 828 787 894 Tullius,
820 831 926 877 rerlmm
952 825 1040 900 σωτὴρ
1063 832 1159 882 Latino
1218 838 1224 879 “,
1312 826 1316 835 ’

105 911 159 943 uno
178 897 291 956 exprimi
310 913 401 958 posse:
421 914 495 957 quern
514 902 619 954 verbum
637 892 765 947 Servatur
789 897 894 947 minime
912 900 1038 960 fugiebat.
1074 902 1161 962 Negat

106 963 134 1009 id
151 964 269 1023 quidem:
289 967 333 1012 sed
351 966 440 1013 nescio
459 982 491 1013 an
511 967 591 1029 magis
613 981 646 1013 ex
664 967 770 1029 animo,
789 978 863 1025 qnam
884 966 911 1012 in
930 968 1046 1014 Antonio
1068 975 1160 1026 postea

105 1033 275 1092 reprehendit
287 1030 424 1098 piissimas
441 1041 469 1082 et
493 1032 681 1084 contumeliam
690 1032 797 1102 facere.
824 1048 870 1085 eur
887 1039 972 1109 putem
990 1038 1087 1102 negat}
1110 1050 1159 1096 per
1211 1077 1213 1082 .

106 1099 235 1152 ironiam:x
252 1104 428 1165 prinumsut
445 1096 570 1149 invidiam
589 1103 704 1151 solicitet
724 1116 785 1159 reo,
805 1102 849 1159 qui
868 1102 895 1148 in
917 1102 1092 1162 inscriptione
1102 1105 1159 1151 ista

93 1170 187 1214 -verho
205 1168 243 1215 uti
264 1171 386 1217 maluerit
404 1171 474 1217 inter
493 1171 595 1223 Siculos
614 1171 753 1234 populari,
774 1184 848 1226 quam
867 1169 971 1223 Latino.
990 1180 1050 1217 ham
1067 1168 1100 1218 'ul
1118 1172 1158 1219 iu·'

107 1235 208 1282 dustria
224 1237 262 1284 ita
282 1238 371 1284 definit
391 1235 503 1299 Sotera,
529 1244 560 1287 ut
577 1239 682 1285 delirriat
701 1235 889 1300 seruatorem,
919 1238 963 1295 qui
981 1239 1104 1305 proprie,
1127 1239 1166 1288 in

45 1327 47 1330 v
108 1303 194 1365 hello,
215 1304 326 1355 solertem
344 1305 409 1355 dare
431 1312 505 1374 capto
526 1307 632 1359 dicitur.
667 1305 710 1353 Sic
727 1306 783 1358 tere
800 1304 845 1352 lib.
859 1306 905 1351 xl.
926 1306 957 1352 ad
974 1311 1029 1354 Αιι.
1047 1308 1098 1367 Ep.
1116 1303 1159 1360 14.

106 1385 159 1420 non
178 1385 228 1435 quo
245 1371 278 1421 ab
294 1370 347 1421 isto
369 1374 438 1420 salus
457 1375 516 1433 data
540 1371 683 1439 quidquam
699 1369 826 1421 habitura
846 1369 884 1421 sit
897 1368 1087 1437 firmitudinis.
1113 1388 1160 1421 ae-

79 1433 85 1448 ·
107 1438 178 1485 cedit
195 1440 315 1491 aculeus:
339 1438 530 1501 deterentia,
557 1438 602 1504 qai
619 1440 731 1489 satutem
755 1437 842 1503 dedit,
874 1440 977 1488 scilieet
994 1456 1050 1489 oum
1069 1447 1161 1502 posset

106 1507 203 1561 malum
221 1508 298 1573 dare,
324 1516 354 1557 ut
372 1512 486 1569 Verres,
511 1510 555 1567 qul
576 1509 616 1563 nil
633 1523 686 1561 non
704 1506 767 1554 mali
792 1521 840 1567 pro
862 1508 948 1556 salute
966 1509 1045 1565 dedit.
1082 1513 1160 1558 cete-

106 1574 183 1632 roqui
208 1576 277 1622 enim
294 1574 336 1636 is,
365 1573 411 1639 qai
430 1576 541 1624 salutem
559 1572 649 1635 dedit,
676 1580 760 1635 neque
778 1582 867 1624 sotera
889 1590 973 1634 neque
989 1582 1178 1626 'servatorem'

46 1704 49 1708 ¹
106 1657 188 1701 aeque
202 1643 336 1704 exprimit,
354 1650 432 1702 atque
450 1641 482 1705 is,
500 1640 545 1708 qui
558 1640 642 1692 sellan·
651 1641 721 1710 fuit.
741 1644 841 1701 respice
856 1642 975 1703 exempla
989 1644 1099 1692 ineunte
1113 1645 1162 1693 heo

105 1711 280 1758 annotatione
297 1712 392 1769 posita.
419 1712 536 1771 Denique
555 1714 661 1760 verbnm
678 1711 745 1758 iilud
767 1711 871 1758 terruius
888 1708 1033 1773 Patronus,
1053 1713 1081 1760 in
1096 1716 1162 1762 Ver,

106 1779 181 1838 rina,
207 1775 380 1828 adereatore
398 1779 482 1827 nihilo
508 1781 615 1840 propius
639 1781 728 1836 abest,
755 1794 829 1837 quam
854 1772 989 1829 aSot'ere.
1024 1784 1108 1828 Porro
1127 1794 1162 1828 ne

106 1836 288 1894 Tertullianus
315 1849 432 1906 quidem,
458 1862 515 1895 eum
540 1843 634 1897 Sote'ra
651 1846 858 1897 Glrristianorum
886 1846 955 1896 dixit
976 1831 1160 1915 Salutifiauto·

105 1928 177 1974 rem,
195 1911 347 1977 Servatorp‘s
372 1915 532 1963 vocabulum,
548 1916 692 1962 censendus
712 1921 752 1961 est
771 1915 907 1974 indignum
930 1916 1071 1973 judicasse.
1107 1920 1160 1965 cur

106 1997 162 2029 non
182 1978 319 2040 usurpavit
337 1983 515 2037 Tertullianus
534 1980 684 2032 Saloutaria
705 1985 817 2030 nornen?
840 1983 938 2046 (inquit
956 1984 1124 2044 Borrichius,
1144 1998 1161 2031 a

105 2050 203 2115 Vossio
224 2051 363 2112 abductos,
388 2052 492 2100 intento
511 2052 635 2100 videlieet
653 2045 939 2113 alter'i‘appellationi,
960 2053 1093 2110 qualiter
1112 2052 1160 2100 illa

108 2118 212 2177 saepius
230 2119 269 2176 uti
288 2133 367 2178 supra
387 2120 471 2177 dietus
489 2124 545 2171 est:
562 2134 611 2166 nos
631 2120 755 2174 dicimus,
777 2133 823 2165 eur
841 2133 895 2166 non
913 2119 1109 2179 legimosapud
1125 2119 1161 2165 il-

107 2186 160 2233 lurn
178 2183 331 2235 &creatoris
350 2190 460 2234 nomen?
479 2193 505 2235 et
523 2203 538 2234 a
551 2177 689 2234 Borrichio
708 2185 922 2248 respondemusz)
944 2183 1006 2251 qaia
1023 2183 1161 2254 ingenium

107 2251 201 2318 ntagni
220 2251 284 2317 Afri
300 2253 435 2304 vocabulis
458 2253 633 2315 innovandis,
660 2268 737 2318 quam
755 2251 873 2316 antiquis
891 2251 1037 2304 retinendis
1061 2269 1164 2304 aenam·

108 2318 240 2370 modatias
250 2319 320 2386 suit.
356 2324 407 2370 Sed
424 2326 483 2384 iae,
502 2339 554 2369 non
574 2337 690 2381 semper,
717 2336 773 2366 cum
792 2319 880 2386 σωτὴρ
900 2321 1010 2375 dieitur,
1037 2319 1164 2372 Seruatu-

108 2403 163 2438 rem
181 2390 231 2436 diei
254 2404 347 2450 posse:
365 2396 452 2451 potest
470 2397 556 2438 tamen
574 2391 735 2450 plerumque,
755 2388 797 2434 vel
816 2402 846 2434 ea
862 2388 988 2437 notione:
1008 2389 1039 2436 de
1055 2400 1104 2446 qua
1122 2391 1163 2436 nii

109 2463 150 2513 est
169 2458 375 2508 coutroversiae.
411 2459 509 2515 Perditi
528 2458 638 2518 fuimns,
655 2454 712 2504 ¹sed
729 2455 767 2510 ita
784 2459 813 2502 ut
834 2456 975 2512 etiamnum
993 2451 1080 2516 perire
1098 2470 1163 2514 pos-

109 2519 268 2586 semus-(uti
287 2531 358 2573 certe
381 2527 476 2584 perditi
494 2540 541 2585 per
558 2530 704 2587 peceatum,
729 2536 776 2583 per
794 2519 923 2574 ἀπιστίαν
946 2538 974 2570 se
992 2524 1114 2590 perdunt)
1135 2525 1162 2572 id
1233 2566 1235 2571 ,
1300 2596 1303 2603 Ι

108 2594 243 2653 prohibuit
262 2598 288 2642 et
308 2595 427 2652 prohibet
446 2596 539 2654 Soter,
564 2595 625 2649 Joh.
643 2596 690 2642 Ill.
705 2592 745 2643 16.
765 2587 827 2651 erpo
847 2594 973 2646 servator
997 2596 1045 2642 est.
1081 2593 1162 2656 Quie-

109 2661 170 2720 quid
188 2664 265 2709 Pater
287 2662 310 2708 ei
332 2663 418 2723 dedit,
444 2677 477 2711 ex
498 2677 529 2709 eo
555 2663 593 2709 nii
615 2660 728 2709 amittit:
756 2660 815 2713 Joh.
837 2661 881 2705 Vl.
898 2659 938 2712 39.
965 2660 1025 2710 noll.
1054 2662 1161 2708 omnino

109 2732 194 2777 xum.
212 2729 252 2784 1‘2.
268 2744 330 2789 ergo
347 2728 474 2783 Servatur
494 2734 544 2778 est.
579 2731 674 2786 Etlicit¹
692 2733 734 2787 ne3
753 2732 889 2786 postquam
905 2728 1041 2785 justificati
1062 2743 1161 2786 sumus,
1233 2732 1235 2741 '

109 2797 176 2851 iram
194 2797 426 2854 persentiscamns:
450 2801 521 2844 llam.
539 2799 568 2850 V.
583 2797 607 2857 9,
626 2811 689 2856 ergo
706 2790 835 2847 Servatur
852 2799 900 2842 est.
930 2796 979 2844 Est
999 2794 1086 2866 σωτὴρ
1100 2798 1162 2844 fide·
1204 2849 1209 2860 .

109 2865 175 2912 lium
193 2865 319 2921 inprime:
345 2864 558 2922 1.Tim.lt'.10.
578 2865 678 2926 idest,
703 2878 764 2926 sos,
787 2877 851 2922 quos
870 2861 999 2923 salvavit,
1026 2871 1118 2915 servat
1134 2867 1162 2921 et

65 2960 69 2966 ·
108 2928 235 2987 servabit·
272 2934 358 2986 Quare
378 2946 430 2980 non
452 2938 492 2980 est
515 2933 656 2991 claudenda
676 2934 812 2986 verborum
831 2931 1048 2990 gloriae-Christi
1073 2933 1162 2980 inser-
1193 2937 1195 2941 ’

66 3006 70 3018 “
107 3001 236 3049 aientium
252 3001 342 3060 copia:
363 3015 446 3059 neque
463 3002 512 3049 ulli
530 3017 619 3049 eorum
634 3000 738 3048 anobis
754 3003 798 3046 aut
810 3000 1013 3060 adspergendum
1028 3000 1162 3047 fastidium

110 3074 154 3117 ant
175 3069 331 3129 significatio
356 3070 503 3117 deterentia.
538 3070 643 3117 Rectius
669 3074 696 3115 et
715 3064 878 3121 Saloutaria
886 3073 911 3114 et
928 3064 1095 3127 Servatam,
1120 3071 1162 3114 at·
1246 3128 1250 3133 Ι

63 3176 67 3189 ,
111 3152 160 3197 qne
177 3139 242 3184 adeo
258 3134 361 3186 Soteris
379 3137 579 3196 appellationem
595 3137 759 3184 Ohristianns
777 3135 862 3193 quivis
881 3135 938 3182 sine
956 3135 1101 3182 offensione
1120 3135 1174 3182 lev
1234 3168 1239 3175 .

112 3212 156 3266 gat
174 3221 203 3253 aa
220 3206 326 3252 scribet.
361 3205 444 3262 Atque
459 3210 493 3254 ,ut
513 3206 544 3252 ad
563 3205 647 3252 locum
665 3205 815 3264 redeamus,
833 3203 875 3248 hic
893 3217 942 3250 nos
961 3199 1104 3251 Servatore
1121 3200 1163 3251 be·

110 3270 315 3339 affluentissimo
334 3271 521 3331 interpretatos
545 3272 622 3319 veiim
636 3273 687 3330 jam
708 3272 853 3320 existimes.
879 3285 936 3317 nam
957 3267 1109 3318 Seruatoris
1126 3270 1162 3318 ti.-

111 3345 184 3392 tnlas
209 3341 316 3396 medicis
340 3341 510 3399 peculiariter
533 3341 624 3401 datur,
649 3344 677 3386 ut
703 3341 824 3388 Boethius
851 3339 882 3385 ad
908 3340 1019 3386 Statium
1043 3338 1162 3399 notavi13

113 3413 315 3470 (thrysostomus
333 3414 419 3455 autem
438 3414 467 3455 ut
490 3409 615 3455 medicum
639 3408 688 3453 hoe
705 3408 764 3455 loeo
783 3409 805 3466 ᾗ.
820 3406 878 3457 361.
903 3406 990 3459 laudat
1007 3406 1160 3454 Dominumr

111 3480 219 3541 perinde
241 3484 270 3525 ut
286 3478 415 3524 Eusebius
434 3476 538 3523 lih.lV.
565 3478 743 3523 Demonstrat.
769 3476 869 3532 Evang.
892 3470 962 3522 καθὸ
988 3474 1087 3540 ψυχῶν
1111 3472 1163 3543 ἔμε

112 3547 214 3598 παθῶν
235 3546 390 3615 θεραπείαν
413 3542 607 3610 ἐπαγγέλλεται
615 3582 622 3607 ‚
653 3542 782 3592 ΣΩΤΙΙΡ
804 3543 872 3590 ΚΑΙ
892 3542 1033 3591 ΙΑΤΡΟΣ
1055 3536 1162 3598 εἰκότως

114 3611 149 3665 ἂν
167 3615 278 3680 λέγοιτο.
313 3612 396 3670 Hujus
414 3626 508 3658 nomen
534 3613 681 3659 celebretur
700 3613 728 3657 in
747 3609 944 3669 sempiternum!
981 3609 1074 3673 [Nolui
1100 3610 1163 3668 qnid

113 3684 209 3732 addere
226 3679 278 3741 iis,
297 3695 361 3740 qaue
380 3679 485 3738 copiose
503 3680 621 3738 quidem,
646 3680 692 3727 sed
710 3681 785 3732 doute
803 3684 829 3726 et
847 3677 889 3736 pie
911 3677 1053 3736 disputavit
1066 3678 1101 3726 ¹de
1120 3677 1162 3724 his

112 3750 247 3800 roeahulis
265 3751 288 3796 b.
309 3745 422 3813 Bengei.
457 3748 535 3806 Plura
559 3749 637 3795 etiam
662 3747 706 3807 qui
725 3748 812 3807 legere
837 3745 938 3804 cupiat,
966 3744 1162 3803 adeotamiciss·

114 3819 174 3880 pinni
192 3814 224 3876 H
229 3812 431 3873 einieitenii,
442 3817 553 3864 Excurs.
571 3818 605 3864 X.
623 3817 651 3864 in
667 3817 763 3863 Euseh.
783 3815 815 3865 hl.
831 3813 862 3858 E.
881 3815 910 3860 T.
927 3815 974 3869 lli,
992 3826 1018 3870 p.
1032 3808 1091 3870 loo.
1110 3809 1160 3877 [α]

179 3911 225 3972 38)
250 3907 519 3977 παραπληξίας,
552 3907 725 3959 insaniae.
768 3908 834 3965 Apta
859 3903 1025 3967 luetaphora,
1055 3903 1159 3957 collatis
1207 3907 1212 3915 '

114 3979 247 4040 iis,.qnae
266 3980 418 4038 stquuntur‚
437 3978 468 4022 uh
487 3979 603 4034 aegroto.
622 3977 645 4034 ἒ.
659 3973 700 4026 69.
757 3966 948 4040 παραπλὴξ
966 3972 1112 4032 explicatur
1128 3974 1159 4031 ah
1191 3998 1195 4002 -

113 4048 244 4105 Hesychia
262 4059 314 4106 per
326 4038 497 4111 παράφρων,
518 4039 564 4100 τὰς
580 4044 684 4110 φρένας
696 3973 890 4110 βεβαμμένας,
907 4034 1047 4108 μανιώδης
1063 4047 1090 4089 et
1104 4056 1160 4088 na-

115 4115 250 4186 ρανιληξία
268 4117 309 4164 ast
327 4111 411 4163 eidem
431 4111 560 4170 Hesychia
580 4111 719 4167 et'Suitlae
737 4111 771 4156 id.
790 4125 812 4181 q.
829 4109 924 4177 μανία.
950 4104 998 4174 Ia]

184 4196 226 4256 39)
251 4198 295 4248 σέ.
331 4198 387 4244 Hoc
404 4193 547 4256 prondrnen
566 4190 726 4258 'simpliciter
745 4200 897 4258 acceptum,
922 4204 1026 4257 semper
1042 4186 1163 4262 ἐγκλίνειν

114 4279 175 4318 san·
207 4261 250 4315 siu
265 4261 403 4330 emphasin
427 4270 475 4313 aut
498 4259 690 4328 oppositionem
711 4261 837 4312 denotare
865 4273 929 4326 opas
948 4257 999 4320 sit,
1021 4266 1163 4321 propanam

117 4339 253 4389 accentum
268 4330 381 4397 relinet,
405 4329 534 4404 atrioque
548 4330 702 4400 plerumque
717 4328 844 4398 piisime·
856 4323 1045 4400 praeponitur·
1077 4323 1164 4382 Deve·
