2654 4876
428 306 897 421 mororum-naua·
1122 337 1247 407 sas‘

135 519 257 592 appan,
284 509 334 573 tra
352 502 495 595 autum
519 470 773 596 isiatsiobs'optr
812 499 916 568 >aaa
930 504 1038 586 umbe
1061 501 1103 569 ri
1130 502 1249 591 dni-361

135 634 218 692 ματα
237 604 354 684 seira,
372 607 423 672 sai
441 609 494 692 τῆς
514 602 641 691 topicae
656 602 876 691 παραπληξίας.
891 603 938 688 ³⁸)
967 602 985 670 ὃ
1005 600 1065 690 γὰρ
1086 605 1189 692 ἰατρὸς
1287 665 1289 670 .

137 869 248 918 salutern
266 848 347 930 dedit.
377 869 459 923 Quem
477 865 509 914 sd
525 864 611 913 locum
628 858 733 925 rpstP.
750 860 889 915 Manutius
905 864 970 912 heca
985 870 1187 917 commentatur:
1256 928 1259 933 ,
1299 912 1307 921 ,

139 940 219 987 Soter
237 934 370 987 Graccum
392 944 487 984 nomen
503 946 583 992 csse,
598 938 628 982 et
640 944 698 982 auus
714 928 884 999 significare,
908 931 954 998 qai
971 933 1080 981 salntem
1106 934 1189 996 dedit,
1214 937 1216 943 '

136 1003 198 1073 ipso
215 998 648 1067 coastut'interprete,ticcroner
672 1012 722 1064 prro
737 1007 816 1066 patet
831 998 973 1057 conrmnnia
994 1014 1200 1065 orror.eorum„
1245 996 1252 1005 ’

136 1069 184 1138 qui
202 1069 291 1121 Jesasn
309 1066 461 1131 Christum,
480 1067 555 1134 caius
571 1065 735 1128 irumortalia
750 1066 850 1118 rnerita
864 1069 936 1118 nullo
956 1064 1024 1116 satis
1039 1068 1186 1129 suro’asrbo
1257 1093 1261 1099 ·

137 1137 256 1204 exprimi
272 1135 372 1188 Latine
388 1145 504 1210 queant,
533 1141 699 1186 servatorem
722 1136 867 1202 appellunt.
889 1133 964 1185 atiud
980 1133 1056 1186 enim*
1067 1139 1187 1188 stercer-

139 1220 218 1269 rarc,
243 1205 318 1256 atiud
336 1206 447 1253 salutem
465 1206 535 1253 dore.
554 1201 793 1268 serratimpui,
812 1217 845 1253 ne
865 1204 936 1251 salus
956 1201 1112 1268 amittatur,
1137 1203 1187 1256 ali·

139 1270 468 1341 pausationeprsestots
491 1271 745 1336 salutandamque·
762 1268 1034 1322 amissam-restituit·
1071 1268 1148 1334 Quod
1163 1271 1188 1323 si
1219 1308 1223 1313 ,
1321 1319 1323 1322 ,

139 1347 261 1391 servator
278 1355 330 1390 noa
344 1347 384 1389 est
400 1343 494 1405 Soter,
519 1339 584 1404 qaia
600 1337 688 1388 minus
704 1338 797 1398 usim
816 1339 1033 1397 salratorautem
1053 1338 1187 1390 at's'nusi-

139 1406 338 1469 salutaticom
356 1404 467 1469 vitarit,
483 1406 630 1473 maluitque
647 1403 751 1468 dicere,
768 1406 939 1471 quiflsaiutem'
960 1406 1044 1455 dedit:
1063 1405 1189 1461 nimirum

108 1484 112 1491 '
140 1476 173 1526 de
191 1491 220 1526 so
237 1474 263 1526 si
276 1474 416 1541 supernus,
435 1473 480 1540 qui
498 1473 631 1543 afflictum
647 1482 733 1537 genus
750 1471 892 1524 humanum
908 1486 960 1523 nou
973 1471 1001 1523 in
1015 1474 1103 1524 eodem
1117 1482 1191 1528 statu

126 1540 271 1605 serravit,
296 1543 342 1592 ssd
360 1557 376 1592 a
393 1542 554 1606 serrspiscrno
569 1532 682 1603 iritsritu
700 1542 736 1592 ad
749 1548 897 1609 perpetuae
915 1539 988 1591 ritas
1007 1539 1074 1593 dona
1090 1544 1190 1609 perda-
1232 1594 1237 1601 ,

133 1611 198 1674 eis,
217 1611 288 1678 qaod
300 1608 395 1659 sarssnsi
411 1607 466 1658 Dei
481 1608 567 1660 Filius
586 1616 612 1659 et
625 1606 706 1672 sccii,
726 1608 859 1674 sefacere
876 1609 946 1659 solus
963 1607 1066 1675 potuit:
1085 1626 1190 1668 neccsse

140 1686 196 1736 est,
221 1679 265 1728 nel
283 1678 445 1725 Salvatorem
471 1677 622 1744 appellare,
646 1677 716 1742 paea
738 1673 827 1747 σωτὴρ
846 1674 1086 1741 οναεοσ·ὼ“ι·ιίιν,
1111 1693 1193 1730 asscr-

138 1753 208 1813 pato
236 1743 265 1795 ia
279 1760 308 1795 re
326 1758 395 1794 nouo
409 1759 485 1796 -noao
501 1744 595 1806 aerbo,
622 1743 693 1809 paon
712 1753 815 1796 ratores
835 1758 941 1810 qssopae
960 1744 1129 1812 probarunt,
1151 1747 1194 1799 oet

141 1811 175 1865 θ’
203 1811 279 1863 'roais
304 1812 424 1878 exeasplo
442 1811 483 1861 nri
504 1810 765 1879 circumscriptione,
792 1819 820 1862 et
836 1809 938 1876 dicere,
964 1814 1060 1873 quni.
1077 1814 1188 1865 salutaris
1286 1876 1290 1885 ,

141 1883 173 1929 de
193 1882 222 1929 't.
243 1894 402 1947 quamquam
418 1878 645 1946 circumscriptio,
668 1887 699 1930 at
715 1879 850 1932 interdum
868 1895 921 1930 non
939 1881 1075 1932 commoda
1096 1884 1188 1948 solam,

139 1962 232 1998 aarum
251 1945 332 1999 stiam
350 1947 501 1998 novancuria
518 1947 645 2009 ridetur,
655 1946 711 2009 sic,
727 1947 829 1999 iterato
842 1945 964 2013 saepias,
983 1955 1011 1999 et
1027 1947 1188 2016 dignitatem

99 2024 102 2028 '
141 2014 247 2066 amittit
269 2023 296 2066 et
312 2014 465 2066 satietatem
484 2015 570 2083 parit.
605 2019 653 2065 tila
671 2022 743 2065 ractc
767 2017 860 2065 statuit
879 2017 1029 2086 almatius,
1055 2023 1082 2066 et
1099 2026 1190 2070 aucto·
1284 2048 1287 2053 -

140 2099 198 2134 rem
214 2082 310 2135 salutis
327 2089 433 2132 nostrae
458 2100 535 2146 posse
555 2099 601 2145 per
615 2086 783 2146 periphrasin
810 2084 952 2144 appellari,
978 2091 1006 2133 et
1025 2089 1111 2135 tamen
1129 2102 1188 2135 see·

142 2153 200 2214 pius
224 2166 277 2200 nno
296 2145 354 2199 esse
371 2154 451 2200 verbo
476 2152 665 2213 appellandum.
691 2166 750 2200 nem
770 2153 846 2202 etiam
863 2152 1001 2212 apostolus
1025 2167 1093 2202 eum·
1107 2155 1189 2205 semel

141 2221 256 2281 appellat
274 2221 363 2271 αἴτιον
378 2221 525 2288 σωτηρίας,
549 2223 629 2270 ilcbr.
643 2225 673 2284 V,
687 2220 712 2272 9.
737 2221 889 2279 saepissime
909 2235 971 2268 vero
991 2221 1106 2291 σωτῆρα.
1140 2223 1189 2272 Cui
1265 2254 1272 2273 ν,

132 2289 244 2336 amamini
268 2303 323 2335 cum
343 2288 478 2346 quaeritur
503 2290 629 2348 quodnam
653 2302 735 2335 unum·
756 2289 854 2347 optimc
877 2288 1035 2353 respondeat
1053 2291 1188 2341 Latinum:

142 2355 181 2403 ita
198 2371 250 2402 rem
268 2356 451 2420 tractabimus,
469 2359 499 2403 nt
518 2371 551 2403 nc
570 2357 765 2403 exitus'care‘ut
782 2357 879 2402 fructu.
915 2356 1009 2403 Mirum
1027 2358 1116 2415 potuit
1130 2351 1190 2418 'pri-

143 2424 200 2472 dem
219 2423 311 2485 videri,
330 2438 375 2470 cur
392 2423 477 2483 ipsum
498 2438 592 2473 nomen
609 2421 688 2472 Soter
704 2423 793 2483 primis
813 2422 917 2480 seculis,
934 2438 988 2470 uon
1005 2434 1058 2472 uns
1074 2439 1129 2472 cum
1144 2440 1189 2473 vo·

142 2486 242 2540 cnhrslis
265 2492 371 2539 (tracus
391 2492 518 2559 angelus,
541 2489 675 2557 baptista,
701 2488 842 2551 mabsara,
868 2488 995 2550 ecclesia,
1021 2488 1189 2561 Paracletus,
1243 2487 1246 2494 '

144 2560 255 2619 aliisque
279 2557 424 2607 innumeris
448 2559 643 2607 silentiarius
666 2558 773 2606 civitate
794 2559 930 2620 donatum,
956 2560 1115 2618 praesciti'ns
1131 2575 1189 2610 cuns

143 2628 238 2676 Latine
252 2629 369 2676 dixerint
386 2625 501 2677 soleria:
521 2627 593 2685 cujus
612 2628 650 2675 rei
669 2629 735 2674 hana
752 2628 870 2675 videmur
884 2627 1098 2676 animadvertisse
1115 2639 1190 2677 causa

144 2711 213 2760 snm,
232 2697 300 2754 qnod
318 2696 495 2743 Valentiniani
511 2710 585 2743 usum
606 2696 725 2743 vocabuli
744 2693 831 2753 Soter,
847 2699 878 2743 ut
897 2709 932 2742 ex
948 2696 1112 2745 Tertulliano
1127 2712 1190 2745 con·

91 2762 94 2767 ’
123 2771 215 2826 ..stat‚
236 2770 414 2822 occupassent.
434 2777 498 2821 quae
517 2777 607 2810 caussa
626 2763 663 2809 nil
681 2763 803 2824 impedit,
823 2776 873 2822 qno
894 2763 978 2812 minus
996 2764 1074 2812 hodie
1094 2763 1190 2817 Satara

120 2842 125 2851 ·
145 2832 274 2877 dicamus:
293 2844 377 2889 neque
398 2835 482 2879 tamen
503 2831 596 2878 listina
614 2832 692 2877 verba
712 2846 814 2878 manere
832 2845 885 2879 non
903 2831 1005 2880 debent.
1041 2835 1110 2882 Idem
1123 2834 1190 2882 Ter·

112 2908 117 2913 ·
145 2898 274 2947 tullianus
290 2894 516 2964 salutificatorem
534 2900 628 2946 solitus
649 2903 688 2946 est
707 2900 811 2947 dicere:
829 2898 901 2956 cujus
919 2902 1016 2960 scripte
1032 2902 1059 2950 id
1077 2907 1190 2963 quatuor

143 2968 240 3015 babent
256 2966 341 3030 locis,
360 2960 468 3015 totidem
483 2967 553 3015 dicta
569 2963 650 3016 Pauli
667 2967 730 3036 περὶ
746 2967 794 3019 τοῦ
811 2967 930 3034 σωτῆρος
945 2969 1189 3028 interpretantibus.

145 3031 322 3099 sospitatoris
339 3048 434 3083 nomen
453 3037 561 3083 Grotius
581 3039 688 3096 probat3
714 3037 780 3095 quod
800 3033 866 3081 idem
884 3040 961 3095 atque
978 3035 1065 3105 σωτὴρ
1083 3042 1199 3097 etymon'

144 3104 245 3150 habeat.
281 3104 413 3150 interdum
431 3100 524 3160 Salas,
550 3105 576 3149 in
598 3106 743 3161 abstracto,
771 3104 821 3151 dici
840 3107 937 3162 potest,
972 3105 1114 3153 Nonnullis
1132 3107 1189 3152 tor-

145 3177 215 3220 tasse
234 3167 418 3229 urinatores,
434 3171 478 3217 vel
502 3167 632 3229 Vindicis,
657 3172 799 3232 appellatio
817 3171 904 3231 aptior
921 3172 1055 3224 videatur:
1080 3176 1144 3233 quse
1162 3176 1189 3222 et

146 3238 265 3288 solennis
281 3237 345 3284 olim
362 3237 461 3300 tuerit,
480 3243 507 3286 ct
526 3238 671 3300 miseriam,
689 3254 723 3287 ex
741 3255 790 3298 qua
806 3241 835 3287 iit
853 3239 984 3298 liberatio,
1002 3239 1103 3289 innuat.
1132 3243 1189 3298 Hoc

145 3306 252 3366 Dialogi
271 3306 330 3353 loco
348 3311 424 3353 vetus
441 3305 572 3364 interpres
591 3307 679 3364 posuit
696 3305 837 3366 Saloatum
853 3308 1032 3374 recentiores,
1051 3306 1188 3359 Servatur.

145 3382 224 3434 atquc
242 3370 304 3421 haec
323 3374 374 3422 duo
394 3374 451 3421 sola
471 3378 532 3422 sunt
550 3375 649 3435 pridem
663 3382 788 3435 perpetuo
806 3390 853 3422 usu
869 3382 973 3434 recepta
991 3376 1018 3422 in
1035 3378 1098 3425 orbe
1115 3377 1192 3425 chri-1

146 3443 233 3492 stiano
251 3443 391 3489 vocabula:
415 3443 460 3489 sed
480 3443 532 3503 itu,
558 3447 586 3490 ut
606 3442 650 3489 vix
668 3443 738 3490 ullus
755 3448 891 3501 utrumque
906 3443 981 3500 juxta
1001 3436 1101 3502 probet.
1134 3447 1189 3493 Ab.

147 3515 209 3559 eunt
229 3509 299 3557 enim
320 3509 346 3556 in
365 3513 428 3557 duas
445 3511 519 3569 quasi
532 3515 620 3571 partes
636 3511 777 3558 christiani
798 3512 847 3557 scri
869 3517 955 3558 tores:
974 3526 1082 3570 quorum
1100 3513 1187 3579 alteri,

146 3593 224 3638 quum
239 3575 408 3627 Structorem
424 3575 526 3640 dicssnt,
544 3579 683 3626 Latinitsti
701 3579 822 3626 ridentur
838 3526 989 3639 circuiere,
1007 3581 1093 3641 alteri,
1111 3596 1189 3640 quum
1263 3600 1265 3612 ¹

148 3644 330 3708 saluatorem,
358 3646 492 3705 religioni.
527 3649 606 3708 Vide,
632 3661 697 3706 qaae
718 3648 744 3693 ir's
766 3647 833 3693 hanc
850 3648 1006 3702 sententiam
1031 3649 1142 3696 collecta
1161 3653 1190 3698 ct

148 3715 357 3778 disputaturum
375 3729 391 3760 a
408 3711 449 3763 01.
469 3710 621 3782 Daasqaeio
639 3716 665 3762 in
684 3715 760 3762 Notis
777 3714 809 3761 ad
826 3714 918 3771 Bpsttti
935 3716 1108 3763 Seleuciensis
1129 3729 1189 3763 ors·
1284 3762 1291 3771 x

142 3783 246 3830 tiorsern
265 3777 368 3828 Xii'ct
386 3783 486 3829 XXXii
506 3787 547 3842 et,
572 3798 606 3831 cx
627 3784 776 3842 Dausqueio
795 3783 973 3844 potissimum,
1000 3784 1027 3832 in
1049 3784 1189 3837 Thesauris

99 3848 115 3892 ,ι’
126 3885 133 3898 ,
145 3847 233 3899 Fabri
249 3854 276 3896 et
293 3846 414 3901 Snicsri:
439 3855 465 3897 et
483 3852 547 3898 adde
565 3847 743 3900 Britomarti
760 3851 919 3910 christolog.
940 3851 1013 3910 Disp.
1029 3853 1072 3900 Vl.
1095 3848 1189 3903 Danu·

145 3914 241 3967 baueri
257 3917 407 3978 Hodosoph.
429 3933 454 3977 p.
469 3919 527 3970 600.
558 3917 617 3968 Jac.
636 3915 753 3968 Pontons'
769 3919 864 3967 Belias.
883 3920 911 3966 P.
926 3918 1108 3978 li.·Synt.10.“
1126 3934 1147 3971 c.
1163 3923 1187 3975 1.

147 3982 183 4033 Ε.
199 3982 296 4051 Lnga.
315 3986 381 4035 crit.
393 3986 426 4036 N.
441 3988 471 4034 T.
497 3984 559 4053 Cpr.
572 3984 705 4036 Gs‘s‘atiseri
722 3987 809 4034 iratist.
827 3982 914 4034 restit.
932 3991 1084 4048 ceterosque
1101 3990 1131 4036 ab
1147 3989 1188 4037 bis
1243 4016 1251 4027 =

146 4052 275 4100 laudatos.
299 4054 354 4100 Nos
373 4067 474 4115 quoque
491 4055 519 4102 in
536 4054 755 4114 interpretatione
773 4058 865 4101 nostra
879 4051 1044 4106 &aleatorem
1059 4058 1190 4116 tantisper
1216 4057 1220 4067 '

147 4118 234 4167 dicere
251 4121 403 4184 maluimus,
424 4122 481 4168 dum
500 4125 682 4185 probaremus,
708 4136 755 4169 nea
774 4119 923 4171 Salvatoris
943 4138 1037 4172 nomen
1054 4139 1069 4172 a
1088 4122 1189 4172 Latini·
1223 4132 1234 4141 ⁸·

147 4194 203 4236 tate
222 4187 299 4235 nimis
316 4204 373 4238 esse
390 4190 520 4255 alienum,
539 4206 587 4239 nec
607 4189 789 4248 seruatorem,
808 4191 875 4249 quod
890 4191 1054 4252 Dausqueius
1070 4191 1189 4252 inprimis

143 4252 296 4323 pertendit,
320 4258 388 4309 mais
405 4259 532 4323 appellari
553 4265 580 4308 et
604 4255 702 4322 inique.
737 4259 776 4305 De
794 4258 904 4306 efficacia
928 4260 1046 4308 vocabuli
1066 4257 1191 4308 Salvator·

147 4334 224 4374 nemo
241 4323 357 4375 dubitat:
373 4341 423 4381 nso
439 4328 605 4377 dubitaturus
621 4327 672 4376 tuit
688 4326 814 4390 Tullius,
824 4326 847 4379 si
865 4327 929 4377 olim
945 4328 1041 4378 inisset
1055 4326 1191 4389 usitatum·
