2654 4876
43 360 47 367 Ι
103 286 168 336 vru
440 326 442 331 ,
513 260 791 332 saturante.

104 440 160 505 bos
187 437 289 524 ipsos,
318 453 391 520 quos
412 433 519 498 iterum
541 433 574 498 iu
593 434 689 499 lucem
709 432 813 512 emisi,
835 431 1020 497 dulcissimos
1043 432 1173 521 Chryso·
1213 428 1221 441 ’

42 540 47 547 ’
106 557 195 624 stomi
216 556 252 620 de
272 551 436 618 sacerdotio
457 572 515 617 sex
533 551 647 617 libellos
670 551 818 616 indefesso
841 551 937 636 studio
960 551 1120 636 explicuit,
1144 563 1174 617 et

104 674 148 740 ita
177 671 264 738 nobis
298 672 335 736 ad
361 681 477 756 patrum
504 664 782 734 'ecclesiasticorum
815 669 924 754 scripta
955 678 1037 732 recte
1063 664 1172 733 intelli·
1242 705 1245 717 ·

71 757 305 881 fgenua'viam
331 798 467 853 sternere
502 787 624 851 studuit.
674 785 740 850 Jam
761 807 850 872 quum
869 786 901 849 in
922 767 968 848 bis
990 784 1063 870 ipsis
1086 787 1173 851 scho-

88 907 144 973 ‚lis
175 907 289 991 aliquos
317 905 418 981 locos,
455 926 580 990 quorum
615 899 800 969 difficultates
827 902 882 967 Vir
913 903 1098 968 Venerabilis
1126 904 1173 968 in·

107 1023 302 1111 digitoverat,
340 1043 415 1108 quos
449 1033 550 1087 tamen
579 1021 610 1086 in
645 1021 718 1108 ipsis
754 1002 863 1086 sobolis
901 1020 1045 1106 proliuius
1080 1022 1174 1108 expli·
1237 1115 1239 1118 Α

108 1163 177 1210 care
204 1141 344 1226 temporis
372 1142 513 1207 vetabant
535 1139 609 1204 arcti
628 1139 755 1214 limites,
783 1137 854 1201 mibi
876 1129 1026 1203 notassem
1047 1161 1083 1204 eo
1104 1124 1190 1204 con-¹

109 1260 194 1336 silio,
221 1269 256 1322 ut
275 1256 412 1343 privatim
432 1256 645 1322 accurationem
666 1254 705 1319 iis
723 1254 920 1340 impenderem
942 1277 1079 1341 operam,
1110 1279 1176 1324 sae·

106 1378 179 1465 pius
199 1375 285 1441 lectis
307 1385 395 1458 atque
414 1373 533 1438 relectis
548 1374 607 1438 illis
628 1374 663 1438 de
680 1359 843 1438 sacerdotio
863 1372 959 1449 libris,
982 1374 1092 1438 sensim
1107 1395 1175 1440 sen·

108 1495 231 1579 simque
250 1492 318 1569 bic,
349 1511 436 1575 quem
453 1492 516 1577 jam
536 1491 664 1568 videtis,
692 1488 820 1554 increvit
847 1491 1086 1556 commentarius.
1138 1494 1178 1557 Et

114 1611 196 1697 hune
232 1608 495 1684 commentarium,
531 1629 595 1693 non
619 1606 734 1691 quidem
761 1616 949 1692 propterea,
967 1610 1044 1692 quod
1068 1610 1101 1674 in
1129 1633 1178 1676 me

53 1741 55 1746 '
111 1727 211 1814 ipsum
223 1725 292 1790 inde
304 1724 411 1808 aliquid
424 1725 519 1789 laudis
539 1723 770 1790 redundaturum
783 1743 851 1786 esse
864 1723 1000 1807 opinatus
1016 1746 1126 1804 essem,
1136 1760 1179 1776 -

45 1920 47 1925 Ι
113 1843 177 1908 scio
194 1841 285 1918 enim,
307 1860 394 1924 quam
411 1841 452 1905 sit
463 1851 547 1906 curta
564 1817 710 1926 supellex,
724 1873 772 1894 -‹
788 1840 840 1904 sed
854 1850 889 1902 ut
902 1840 967 1903 aliis
988 1842 1026 1905 ad
1040 1842 1096 1906 boc
1112 1844 1178 1908 exi·

110 1960 203 2037 mium
233 1958 440 2046 chrysostomi
468 1978 541 2044 opus
571 1936 670 2021 aditus*
696 1965 883 2034 strueretur,
911 1978 970 2021 una
997 1979 1064 2022 cum
1091 1969 1178 2025 textu

112 2078 227 2143 Graeco
249 2051 375 2162 primum
396 2074 522 2140 seorsim
543 2075 630 2138 edere
657 2073 881 2138 constituebam.
925 2071 965 2138 Ac
983 2096 1072 2158 quum
1092 2077 1178 2153 Rea,⁴
1238 2087 1241 2093 '

111 2195 189 2280 gebi
200 2195 249 2273 *),
279 2192 386 2257 summi
414 2191 576 2277 superioris
602 2191 694 2255 seculi
724 2190 872 2275 theologi,
900 2190 933 2253 in
961 2191 1016 2275 hos
1047 2192 1179 2281 Chryso—

46 2298 51 2303 *
89 2348 94 2357 =
113 2308 202 2377 smmi
216 2308 308 2374 libros
323 2308 580 2386 commentarium,
596 2308 714 2392 dignum
735 2309 878 2391 profecto,
901 2308 950 2392 qui
970 2319 1075 2374 nostra
1090 2312 1179 2397 etiam

100 2415 210 2493 vaetate
230 2424 399 2510 legeretur,
423 2437 558 2512 prostare
579 2446 641 2490 non
656 2425 793 2509 amplius,
817 2425 1045 2511 comperissem,
1066 2430 1179 2496 mutavi

109 2544 173 2630 jem
195 2542 278 2628 prins
305 2544 481 2619 consilium,
508 2553 540 2606 et
559 2541 613 2606 bas
639 2540 719 2625 ipsas
748 2541 880 2628 Bengelii
907 2543 1179 2610 animadversiones

110 2644 242 2725 etenim
265 2656 373 2725 iterum
395 2657 511 2726 curari·
555 2656 668 2738 Quibus
695 2657 811 2742 quuidcm
839 2659 970 2745 Bengelii
990 2661 1070 2724 notis
1097 2683 1180 2726 meas

113 2775 332 2863 pudescunqne
361 2773 634 2863 unimadyersiones
671 2775 836 2861 interposui
866 2788 899 2842 ct
932 2779 969 2843 ab
1006 2776 1087 2843 illins
1121 2778 1180 2845 viri

113 2888 419 2959 animadversionibus
438 2891 515 2976 siglo
534 2892 576 2957 L.
598 2913 715 2978 semper
734 2890 869 2958 obnoxi.

110 3035 174 3077 :5:2-
196 3006 346 3075 Fortassis
364 2992 438 3072 sunt
454 2994 608 3096 nonnulli,
629 3009 680 3095 qni
699 3008 818 3088 dicant,
838 3032 886 3074 me
905 3031 970 3076 rem
990 3013 1111 3078 omnino
1133 3014 1179 3079 ni·
1211 3090 1214 3097 ,

36 3184 40 3196 „
113 3124 173 3203 mis
185 3123 327 3191 difficilem
339 3123 373 3188 in
385 3146 434 3190 me
447 3125 626 3211 suscepisse,
650 3147 740 3211 quum
754 3137 853 3212 patres
868 3130 1010 3195 ecclesiae
1030 3131 1179 3215 explicare

75 3241 79 3249 '
115 3264 177 3315 non
192 3242 327 3307 urorum
346 3240 406 3319 sit,
433 3242 725 3309 seb'reteranomm.
771 3245 860 3310 Etsi
888 3246 1076 3333 explicandos
1107 3247 1178 3312 mibi

114 3358 289 3428 sensissem
307 3368 407 3446 patres
427 3359 569 3426 ecclesiae
591 3360 691 3426 minus
710 3361 881 3449 elegantes,
909 3385 943 3429 v.
959 3385 987 3429 c.
1008 3363 1177 3442 Irenaeum,

112 3475 307 3564 Epiphaniam
326 3476 477 3563 aliosque,
495 3475 566 3563 jure
586 3495 660 3543 sane
675 3478 808 3544 subirem
826 3479 903 3545 banc
917 3481 1177 3567 vituperationem,

110 3595 152 3663 ab
164 3594 370 3682 chrysostomi
389 3616 463 3662 vero
483 3595 592 3680 scripta
605 3595 795 3681 intelligenda
806 3609 836 3662 et
855 3597 892 3664 ab
907 3598 962 3664 bos
976 3598 1120 3684 imprimis
1142 3601 1178 3666 de

111 3712 277 3808 sacerdotio
296 3712 418 3779 libellos·
432 3711 622 3800 explicandos
642 3733 703 3778 non
723 3724 785 3782 mm
798 3736 871 3802 opus
891 3736 960 3782 esse
978 3716 1097 3783 udam
1115 3738 1178 3783 ma·

98 3842 432 3872 ’Μ

95 3961 99 3975 .
113 3978 117 3985 ,
177 3926 203 3995 ”)
223 3929 283 3979 viu.
301 3930 334 3978 de
347 3931 399 3980 boc
414 3929 521 3993 dialogo
533 3944 550 3981 s
564 3932 691 3994 Bengelio
705 3934 779 3986 cotto
792 3930 865 3989 deu
877 3931 1059 3989 Mitem
1074 3923 1176 3991 11oess

110 4000 299 4080 Bibliotbeque
324 4009 455 4066 accim
471 4023 501 4066 er
522 4015 655 4069 moderno.
682 4021 713 4069 Τ.
727 4022 826 4071 XXVI.
861 4018 898 4072 Et
912 4022 981 4084 sipia
999 4018 1130 4074 Ballene
1146 4022 1177 4073 in

106 4091 228 4165 Mage
243 4111 268 4159 p.
282 4093 342 4152 109.
359 4097 425 4148 dicit
446 4099 515 4151 bene
532 4102 677 4152 editionem
704 4111 764 4171 „nt
779 4117 880 4156 summo
898 4107 988 4156 studio
1007 4091 1176 4172 exornatum,

105 4180 244 4233 stenem
260 4186 346 4249 notu,
358 4184 493 4240 ramorum
511 4187 625 4244 sucas·
641 4195 671 4244 et
691 4190 842 4256 complures
858 4205 943 4243 nom
960 4190 1176 4255 &subducunt
1250 4258 1255 4269 ¹

105 4264 341 4339 pnslcrsnbsm.⁴‘
391 4328 395 4335 Ι
703 4266 705 4271 ’

162 4381 165 4388 ’
238 4374 250 4407 f
